<record><leader>00000cas a2200000 a 4500</leader><controlfield tag="001">23829971</controlfield><controlfield tag="008">910524d19901993iluwr ne      0   a0eng c</controlfield><datafield ind1=" " ind2=" " tag="010"><subfield code="a">sn 91055816 </subfield></datafield><datafield ind1=" " ind2=" " tag="040"><subfield code="a">NVF</subfield><subfield code="b">eng</subfield><subfield code="c">NVF</subfield><subfield code="d">CVF</subfield><subfield code="d">OCLCQ</subfield><subfield code="d">NVF</subfield><subfield code="d">OCLCO</subfield><subfield code="d">OCLCF</subfield></datafield><datafield ind1="1" ind2=" " tag="029"><subfield code="a">AU@</subfield><subfield code="b">000020733019</subfield></datafield><datafield ind1=" " ind2=" " tag="042"><subfield code="a">pcc</subfield></datafield><datafield ind1=" " ind2=" " tag="043"><subfield code="a">n-us-il</subfield></datafield><datafield ind1="0" ind2="0" tag="245"><subfield code="a">Inside Ravenswood.</subfield></datafield><datafield ind1=" " ind2=" " tag="260"><subfield code="a">Chicago, Ill. :</subfield><subfield code="b">Ronald Roenigk</subfield></datafield><datafield ind1=" " ind2=" " tag="300"><subfield code="a">v.</subfield></datafield><datafield ind1=" " ind2=" " tag="310"><subfield code="a">Weekly</subfield></datafield><datafield ind1="1" ind2=" " tag="362"><subfield code="a">Began in 1990.</subfield></datafield><datafield ind1="0" ind2=" " tag="362"><subfield code="a">-v. 25, no. 14 (Mar. 3, 1993).</subfield></datafield><datafield ind1=" " ind2=" " tag="580"><subfield code="a">Merged with: Inside Gold Coast, and: Inside Lake View, and: Inside Lincoln Park, to form: Inside (Chicago, Ill. : 1993).</subfield></datafield><datafield ind1=" " ind2=" " tag="588"><subfield code="a">Description based on: Vol. 22, no. 15 (Mar. 14, 1990).</subfield></datafield><datafield ind1=" " ind2="0" tag="650"><subfield code="a">Community newspapers</subfield><subfield code="z">Illinois</subfield><subfield code="z">Chicago.</subfield></datafield><datafield ind1=" " ind2="0" tag="651"><subfield code="a">Ravenswood (Chicago, Ill.)</subfield><subfield code="v">Newspapers.</subfield></datafield><datafield ind1=" " ind2="7" tag="655"><subfield code="a">Newspapers.</subfield><subfield code="2">fast</subfield><subfield code="0">(OCoLC)fst01423814</subfield></datafield><datafield ind1=" " ind2="7" tag="650"><subfield code="a">Community newspapers.</subfield><subfield code="2">fast</subfield><subfield code="0">(OCoLC)fst00871103</subfield></datafield><datafield ind1=" " ind2="7" tag="651"><subfield code="a">Illinois</subfield><subfield code="z">Chicago.</subfield><subfield code="2">fast</subfield><subfield code="0">(OCoLC)fst01204048</subfield></datafield><datafield ind1=" " ind2="7" tag="651"><subfield code="a">Illinois</subfield><subfield code="z">Chicago</subfield><subfield code="z">Ravenswood.</subfield><subfield code="2">fast</subfield><subfield code="0">(OCoLC)fst01329781</subfield></datafield><datafield ind1=" " ind2=" " tag="752"><subfield code="a">United States</subfield><subfield code="b">Illinois</subfield><subfield code="c">Cook</subfield><subfield code="d">Chicago.</subfield></datafield><datafield ind1="0" ind2="0" tag="780"><subfield code="t">Good news weekly (Chicago, Ill. : North and Northwest ed.)</subfield><subfield code="w">(DLC)sn 97062023</subfield><subfield code="w">(OCoLC)37578205</subfield></datafield><datafield ind1="1" ind2="7" tag="785"><subfield code="t">Inside Gold Coast</subfield><subfield code="w">(DLC)sn 92055177</subfield><subfield code="w">(OCoLC)21377351</subfield></datafield><datafield ind1="1" ind2="7" tag="785"><subfield code="t">Inside Lake View</subfield><subfield code="w">(DLC)sn 92055183</subfield><subfield code="w">(OCoLC)27006775</subfield></datafield><datafield ind1="1" ind2="7" tag="785"><subfield code="t">Inside Lincoln Park</subfield><subfield code="w">(DLC)sn 91055811</subfield><subfield code="w">(OCoLC)23829934</subfield></datafield><datafield ind1="1" ind2="7" tag="785"><subfield code="t">Inside (Chicago, Ill. : 1993)</subfield><subfield code="w">(DLC)sn 93057067</subfield><subfield code="w">(OCoLC)27759545</subfield></datafield></record>